% ------------------------------------------------------------------------
% BIBLIOGRAPHY FILE
% ------------------------------------------------------------------------
\begin{thebibliography}{99}

@ARTICLE{Hor,
  author =       {Petr Horáček},
  title =        {LABORATORY EXPERIMENTS FOR CONTROL THEORY COURSES: A SURVEY},
  journal =      {Annual Reviews in Control },
  year =         {2000},
  volume =       {24},
  pages =        {151-162},
}

 @MISC{Git,
  author =       {Gergely Takacs},
  title =        {AutomationShield},
  howpublished = {Code. Online.},
  year =         {2021},
  note =         {23.12.2021, \url{https://github.com/gergelytakacs/AutomationShield}},
}

 @MISC{Auto,
  author =       {Gergely Takacs},
  title =        {AutomationShield},
  howpublished = {Wiki. Online.},
  year =         {2021},
  note =         {13.7.2021, \url{https://github.com/gergelytakacs/AutomationShield/wiki}},
}

 @MISC{UNO,
  author =       {-},
  title =        {Arduino Uno Rev3},
  howpublished = {Info. Online.},
  year =         {2021},
  note =         {2021, \url{https://store.arduino.cc/products/arduino-uno-rev3}},
}
 @MISC{UNOFOTO,
	author =       {-},
	title =        {Arduino Uno R3 Development Board Microcontroller for DIY Project},
	howpublished = {Store. Online.},
	year =         {-},
	note =         {-, \url{https://sunhokey.en.made-in-china.com/product/bjkxIyAKQdhF/China-Arduino-Uno-R3-Development-Board-Microcontroller-for-DIY-Project.html}},
}
 @MISC{megafoto,
	author =       {-},
	title =        {Arduino Mega 2560 Rev3},
	howpublished = {Store. Online.},
	year =         {-},
	note =         {-, \url{https://store.arduino.cc/collections/boards/products/arduino-mega-2560-rev3}},
}

 @MISC{senzor,
  author =       {Ed Edwards},
  title =        {All About Position Sensors},
  howpublished = {article. Online.},
  year =         {-},
  note =         { 2021, \url{https://www.thomasnet.com/articles/instruments-controls/all-about-position-sensors}},
}

@ARTICLE{stamp,
  author =       {Harry Baggen},
  title =        {The Javelin Stamp},
  journal =      {Elector Electronics},
  year =         {2003},
  volume =       {1},
  number = 	     {1},
  pages =        {0},
}

@MISC{ampere,
  author =       {Arduino},
  title =        {Overview of the Arduino UNO Components},
  howpublished = {article. Online.},
  year =         {2021},
  note =         { 2021, \url{https://docs.arduino.cc/tutorials/uno-rev3/intro-to-board}},
}

@MISC{ampere2,
  author =       {-},
  title =        {Arduino UNO R3 - SCHEMATIC with CH340},
  howpublished = {article. Online.},
  year =         {2021},
  note =         { 2021, \url{http://electronoobs.com/eng_arduino_tut31_sch3.php}},
}

@MISC{AeroPendulumTeheran,
  author =       {Fanavaran Sharif},
  title =        {Aero Pendulum Control System (PR22)},
  howpublished = {Store. Online.},
  year =         {2021},
  note =         { 2021, \url{https://www.zoodel.com/en/product/ZP22344/Aero-Pendulum-Control-System-PR22}},
}

@MISC{Hall,
  author =       {The Editors of Encyclopaedia Britannica},
  title =        {Hall effect},
  howpublished = {article. Online.},
  year =         {2021},
  note =         { 2021, \url{https://www.britannica.com/science/Hall-effect}},
}

@MISC{INA,
  author =       {SHAWN HYMEL},
  title =        {INA169 Breakout Board Hookup Guide},
  howpublished = {article. Online.},
  year =         {2021},
  note =         { 2021, \url{https://learn.sparkfun.com/tutorials/ina169-breakout-board-hookup-guide/all}},
}
@MISC{INAobr,
  author =       {-},
  title =        {INA169NA/250},
  howpublished = {store. Online.},
  year =         {2021},
  note =         { 2021, \url{https://www.ti.com/store/ti/en/p/product/?p=INA169NA/250}},
}

@MISC{buckobr,
  author =       {-},
  title =        {Texas Instruments TPS56339 Buck Converters},
  howpublished = {store. Online.},
  year =         {2021},
  note =         { 2021, \url{https://www.mouser.ee/new/texas-instruments/ti-tps56339-buck-converters/}},
}

@MISC{As5600obr,
  author =       {-},
  title =        {Hallův snímač AS5600-ASOM},
  howpublished = {store. Online.},
  year =         {2021},
  note =         { 2021, \url{https://sk.rsdelivers.com/product/ams/as5600-asom/halluv-snimac-as5600-asom-pocet-koliku-8-soic-typ/2006337}},
}
@INPROCEEDINGS{5545147,
  author={Yasuhiro, Komatsu and Amarsanaa, Tur-Amgalan and Araki, Yoshihiko and Zawawi, Syed Abdul Kadir and Keita, Takamura},
  booktitle={SPEEDAM 2010},
  title={Design of the unidirectional current type coreless DC brushless motor for electrical vehicle with low cost and high efficiency},
  year={2010},
  volume={-},
  number={-},
  pages={1036-1039},
  doi={10.1109/SPEEDAM.2010.5545147}}

@MISC{coreless,
  author =       {DANIELLE COLLINS},
  title =        {What are coreless DC motors?},
  howpublished = {article. Online.},
  year =         {2018},
  note =         { 09.10.2021, \url{https://www.motioncontroltips.com/what-are-coreless-dc-motors/}},
}

@MISC{corelessMotor,
  author =       {-},
  title =        {7mm Diameter 720 Coreless Motor for Quadcopter},
  howpublished = {shop. Online.},
  year =         {2021},
  note =         {2021, \url{https://www.elecrow.com/7mm-diameter-720-coreless-motor-for-quadcopter.html}},
}

@MISC{pmv,
  author =       {-},
  title =        {PMV45EN2},
  howpublished = {shop. Online.},
  year =         {2021},
  note =         {2021, \url{https://www.nexperia.com/products/mosfets/small-signal-mosfets/PMV45EN2.html}},
}

@MISC{dosky,
	author =       {-},
	title =        {PROTOTYPING CIRCUIT BOARDS: EVERYTHING YOU NEED TO KNOW BEFORE YOU START},
	howpublished = {article. Online.},
	year =         {2020},
	note =         {2020, \url{https://www.pcbnet.com/blog/prototyping-circuit-boards-everything-you-need-to-know-before-you-start/}},
}

@MISC{datovetypy,
	author =       {-},
	title =        {Arduino - Data Types},
	howpublished = {article. Online.},
	year =         {-},
	note =         {2022, \url{https://www.tutorialspoint.com/arduino/arduino_data_types.htm}},
}

@MISC{oop,
	author =       {-},
	title =        {Writing a Library for Arduino},
	howpublished = {article. Online.},
	year =         {2022},
	note =         {2022, \url{https://docs.arduino.cc/hacking/software/LibraryTutorial}},
}

@MISC{linearMap,
	author =       {Martin Golubitsky, Michael Dellnitz},
	title =        {Linear Mappings and Bases},
	howpublished = {article. Online.},
	year =         {-},
	note =         {2022, \url{https://ximera.osu.edu/laode/linearAlgebra/linearMapsAndChangesOfCoordinates/linearMappingsAndBases}},
}

@MISC{idvac,
	author =       {Nicholas Zambetti},
	title =        {A Guide to Arduino \& the I2C Protocol (Two Wire)},
	howpublished = {article. Online.},
	year =         {2022},
	note =         {2022, \url{https://docs.arduino.cc/learn/communication/wire}},
}

@MISC{biteShift,
	author =       {-},
	title =        {Bit Shifting},
	howpublished = {article. Online.},
	year =         {2017},
	note =         {2022, \url{https://www.techopedia.com/definition/26846/bit-shifting}},
}

 @article{enikov_campa_2012, title={Mechatronic aeropendulum: Demonstration of linear and nonlinear feedback control principles with MATLAB/simulink real-time Windows Target}, volume={55}, DOI={10.1109/te.2012.2195496}, number={4}, journal={IEEE Transactions on Education}, author={Enikov, Eniko T. and Campa, Giampiero}, year={2012}, month={Nov}, pages={538–545}} 
 
 @misc{TAKACS, title={Gergelytakacs}, url={https://github.com/gergelytakacs}, journal={GitHub},note ={2022, \url{https://github.com/gergelytakacs}}} 
 
  @misc{GULANn, title={Mgulan}, url={https://github.com/mgulan}, journal={GitHub}, note={2022, \url{https://github.com/mgulan}}}
  
  @INPROCEEDINGS{7192959,  author={Mila Mary Job and Subha Hency Jose, P.},  booktitle={2015 International Conference on Innovations in Information, Embedded and Communication Systems (ICIIECS)},   title={Modeling and control of mechatronic aeropendulum},   year={2015},  volume={},  number={},  pages={1-5},  doi={10.1109/ICIIECS.2015.7192959}}
  
   @misc{PCBlife, title={What are the factors that will affect the PCB lifespan and how to extend it: 2021 newest}, url={https://www.pcbonline.com/blog/How_Is_The_Lifespan_of_PCB_Products_Determined_117.html}, journal={What are the Factors that will Affect the PCB Lifespan and How to Extend It | 2021 newest}} 
   
    @misc{AS5600Downl, title={AS5600}, url={https://ams.com/en/as5600}, journal={ams}, note={2022, \url{https://ams.com/en/as5600}}} 

@misc{TPS56339Downl, title={TPS56339}, url={https://www.ti.com/product/TPS56339}, journal={TPS56339 data sheet, product information and support | TI.com}, note={2022, \url{https://www.ti.com/product/TPS56339}}} 

@inproceedings{Dhanapal2013ASO,
	title={A Study on the Effectiveness of Hands-on Experiments in Learning Science among Year 4 Students},
	author={Saroja Dhanapal and Evelyn Wan Zi Shan},
	year={2013}
}

@thesis{Polak,
	author = {Andrej Polák},
	title = {Spracovanie meraných údajov, modelovanie a identifikácia mechatronického systému Aerokyvadlo},
	type = {Diplomová práca},
	institution = {STU SjF},
	date = {2017}
}

@thesis{Ondera,
	author = {Jakub Ondera},
	title = {Návrh konštrukcie, riadiacich prvkov a algoritmov mechatronického systému Aerokyvadlo},
	type = {Diplomová práca},
	institution = {STU SjF},
	date = {2017}
}

@inproceedings{pidcontrol,
	author={Changbo Xu and Congcong Liu and Zhenfu Bi and Chengjin Zhang},
	booktitle={2006 6th World Congress on Intelligent Control and Automation}, 
	title={PID Self-tuning Immune Fuzzy Control of Steam Temperature Control System in Fossil-fired Power Plant}, 
	year={2006},
	volume={1},
	number={},
	pages={3973-3977},
	doi={10.1109/WCICA.2006.1713118}
}
